<record><leader>00000cas a2200000 a 4500</leader><controlfield tag="001">12324321</controlfield><controlfield tag="008">850730d19071907inuwr n       0   a0eng d</controlfield><datafield ind1=" " ind2=" " tag="010"><subfield code="a">sn 87056615 </subfield></datafield><datafield ind1=" " ind2=" " tag="040"><subfield code="a">WIH</subfield><subfield code="b">eng</subfield><subfield code="c">WIH</subfield><subfield code="d">NPI</subfield><subfield code="d">OCL</subfield><subfield code="d">OCLCQ</subfield><subfield code="d">OCLCF</subfield><subfield code="d">OCLCO</subfield></datafield><datafield ind1="1" ind2=" " tag="029"><subfield code="a">AU@</subfield><subfield code="b">000020478654</subfield></datafield><datafield ind1=" " ind2=" " tag="042"><subfield code="a">msc</subfield></datafield><datafield ind1=" " ind2=" " tag="043"><subfield code="a">n-us-in</subfield><subfield code="a">n-usm--</subfield></datafield><datafield ind1="0" ind2=" " tag="130"><subfield code="a">Indiana socialist (Indianapolis, Ind. : 1907)</subfield></datafield><datafield ind1="1" ind2="4" tag="245"><subfield code="a">The Indiana socialist.</subfield></datafield><datafield ind1=" " ind2=" " tag="260"><subfield code="a">Indianapolis, Ind. :</subfield><subfield code="b">Peoria Socialist Pub. Co.,</subfield><subfield code="c">1907.</subfield></datafield><datafield ind1=" " ind2=" " tag="310"><subfield code="a">Weekly</subfield></datafield><datafield ind1="0" ind2=" " tag="362"><subfield code="a">Vol. 1, no. 29=29 (Nov. 23, 1907)-v. 1, no. 34=34 (Dec. 28, 1907).</subfield></datafield><datafield ind1=" " ind2=" " tag="500"><subfield code="a">Editor: Maurice E. Eldridge.</subfield></datafield><datafield ind1=" " ind2=" " tag="530"><subfield code="a">Available on microfilm from the State Historical Society of Wisconsin.</subfield></datafield><datafield ind1=" " ind2=" " tag="550"><subfield code="a">Official organ of the Socialist Party of Indiana.</subfield></datafield><datafield ind1=" " ind2="0" tag="650"><subfield code="a">Socialism</subfield><subfield code="z">Indiana</subfield><subfield code="v">Periodicals.</subfield></datafield><datafield ind1=" " ind2="0" tag="650"><subfield code="a">Socialism</subfield><subfield code="z">Middle Atlantic States</subfield><subfield code="v">Periodicals.</subfield></datafield><datafield ind1=" " ind2="7" tag="655"><subfield code="a">Periodicals.</subfield><subfield code="2">fast</subfield><subfield code="0">(OCoLC)fst01411641</subfield></datafield><datafield ind1=" " ind2="7" tag="650"><subfield code="a">Socialism.</subfield><subfield code="2">fast</subfield><subfield code="0">(OCoLC)fst01123637</subfield></datafield><datafield ind1=" " ind2="7" tag="651"><subfield code="a">Indiana.</subfield><subfield code="2">fast</subfield><subfield code="0">(OCoLC)fst01204604</subfield></datafield><datafield ind1=" " ind2="7" tag="651"><subfield code="a">Middle Atlantic States.</subfield><subfield code="2">fast</subfield><subfield code="0">(OCoLC)fst01240044</subfield></datafield><datafield ind1="2" ind2=" " tag="710"><subfield code="a">Socialist Party (Ind.)</subfield></datafield><datafield ind1="2" ind2=" " tag="710"><subfield code="a">Peoria Socialist Publishing Company.</subfield></datafield><datafield ind1=" " ind2=" " tag="752"><subfield code="a">United States</subfield><subfield code="b">Indiana</subfield><subfield code="c">Marion</subfield><subfield code="d">Indianapolis.</subfield></datafield><datafield ind1="0" ind2="0" tag="780"><subfield code="t">Peoria socialist (1907)</subfield><subfield code="w">(OCoLC)12324366</subfield></datafield></record>